<?xml version="1.0" encoding="UTF-8"?><collection xmlns="http://www.loc.gov/MARC21/slim"><record><leader>00539nam--2200157-i-4500</leader><controlfield tag="001">000009112</controlfield><controlfield tag="002">20161230</controlfield><controlfield tag="005">20170220001855</controlfield><controlfield tag="008">060222s1000------------r-----000-0-eng-d</controlfield><datafield ind1=" " ind2=" " tag="245"><subfield code="a">Fast reactions and primary processes in chemical kinetics. Proceedings of the 5-th Nobel Symposium held aug.28 - sept.2, 1967 at Sodergarn Lidingo, in the County of Stockholm</subfield></datafield><datafield ind1=" " ind2=" " tag="260"><subfield code="a">Stockholm</subfield><subfield code="b">Almwvist &amp; Wiksell</subfield><subfield code="c">1967</subfield></datafield><datafield ind1=" " ind2=" " tag="300"><subfield code="a">487 p</subfield></datafield><datafield ind1=" " ind2=" " tag="490"><subfield code="a">Nobel Symposium 5</subfield></datafield><datafield ind1=" " ind2=" " tag="700"><subfield code="a">Claesson, Stig</subfield></datafield><datafield ind1=" " ind2=" " tag="852"><subfield code="a">541.1</subfield></datafield><datafield ind1=" " ind2=" " tag="CAT"><subfield code="a">SYS</subfield><subfield code="c">20170220</subfield><subfield code="h">001855</subfield></datafield></record></collection>